<record xmlns="http://www.loc.gov/MARC21/slim" xmlns:xsi="http://www.w3.org/2001/XMLSchema-instance" xsi:schemaLocation="http://www.loc.gov/MARC21/slim http://www.loc.gov/standards/marcxml/schema/MARC21slim.xsd"><leader>00931nz   2200169n  4500</leader><controlfield tag="001">oca03854904 </controlfield><controlfield tag="005">19950610053845.7</controlfield><controlfield tag="008">950607n| acannaab|          |a aaa     c</controlfield><datafield ind1=" " ind2=" " tag="010"><subfield code="a">nr 95021141 </subfield></datafield><datafield ind1=" " ind2=" " tag="040"><subfield code="a">NNC</subfield><subfield code="c">NNC</subfield></datafield><datafield ind1="0" ind2=" " tag="100"><subfield code="a">Porcius Licinus,</subfield><subfield code="d">fl. 2nd  cent. B.C.</subfield></datafield><datafield ind1="1" ind2=" " tag="400"><subfield code="a">Licinus, Porcius,</subfield><subfield code="d">fl. 2nd cent. B.C.</subfield></datafield><datafield ind1=" " ind2=" " tag="670"><subfield code="a">His Carmina [CF] 1991:</subfield><subfield code="b">PHI CD ROM #5.3, Latin Canon, bibliographic screen (Porcius Licinus)</subfield></datafield><datafield ind1=" " ind2=" " tag="670"><subfield code="a">Oxford class. dict., 1st ed.:</subfield><subfield code="b">p. 719 (Porcius Licinus; fl. 2nd half of the 2nd cent. B.C.; wrote a poem in trochaic septinarii; preserved by Suetonius; and an erotic epigram)</subfield></datafield><datafield ind1=" " ind2=" " tag="670"><subfield code="a">Pauly-Wissowa:</subfield><subfield code="b">34. Halbbd., col. 232-233; "Porcius", #48 (Porcius Licinus; early Roman poet)</subfield></datafield><datafield ind1=" " ind2=" " tag="670"><subfield code="a">NUC pre-56;</subfield><subfield code="b">v. 465, p. 653 (Porcius Licinus)</subfield></datafield><datafield ind1=" " ind2=" " tag="670"><subfield code="a">The Fragmentary Latin poets, 1993:</subfield><subfield code="b">p. 82-92 (Porcius Licinus; nothing is known of the man; chronologically he could be the monetalis of 118 B.C.)</subfield></datafield></record>